% Referanser

@book{assignment,  
    author = {Tor Nordam},
    title = {Computational Physics (TFY4235/FY8904): Final exam},
    publisher = {Norwegian University of Science and Technology},
    year    = {2016}
}

@book{kauzmann,
  author  = {Walter Kauzmann},
  title   = {Kinetic Theory of Gases},
  publisher = {Dover Publications, Inc.},
  year    = {1966}
}

@book{physics,  
    author = {P. A. Tipler and G. Mosca and Freeman},
    title = {Physics for Scientists and Engineers - with Modern Physics},
    edition = {6},
    publisher = {NTNU},
    year    = {2008}
}
