%%===================================
% --- References.
%     To enter a citation inside the text, use the
%         \cite{<cite_key>}
%     command.
%     Documentation: https://en.wikibooks.org/wiki/LaTeX/Bibliography_Management
%
% --- Example.
% article - an article from a journal or magazine.
%     Required fields: author, title, journal, year, volume
%     Optional fields: number, pages, month, note, key
% book - a book with an explicit publisher.
%      Required fields: author/editor, title, publisher, year
%      Optional fields: volume/number, series, address, edition, month, note, key
% manual - technical documentation.
%      Required fields: title
%      Optional fields: author, organization, address, edition, month, year, note, key
% mastersthesis - a Master's thesis.
%      Required fields: author, title, school, year
%      Optional fields: type, address, month, note, key
% see more at: https://en.wikipedia.org/wiki/BibTeX
%
% --- Tips:
%     - Regarding the citation key: a good system would be to have the surname of the author, the year of publication and the first word in the title as the citation key, e.g. ibsen1884vilanden.
%     - to ensure capital letters use {} around the letter.
%     - multiple authors? Use 'and' between all of them.
%     - Special characters like & and %, you must use \& and \%.
%     - For norwegian characters use \ae, \o, \aa (see http://www.bibtex.org/SpecialSymbols/).
%
@book{cite_key,
  title     = {<title>},
  author    = {<first and middle name> <surname>},
  year      = {<year>},
  publisher = {<publisher>}
}
%
%%===================================
%
@unpublished{lauten2017characterisation,
  author       = {Oda Lauten}, 
  title        = {{Characterisation of As-Received \ce{CdZnTe} Substrates}},
  howpublished = {Specialisation Project},
  school       = {Norwegian University of Science and Technology},
  month        = 1,
  year         = 2017,
  note         = {Specialisation Project, Norwegian University of Science and Technology, unpublished}
}
% Tilgjengelig online via NTNU-VPN.
@book{vanderHeide2011X-ray,
    author  = {Paul {van der Heide}},
    title   = {X-ray Photoelectron Spectroscopy: An introduction to Principles and Practices (1)},
    publisher= {Wiley},
    year    = {2011}
}
% Utskrift.
@article{benson2014impact,
  title     = {Impact of Tellurium Precipitates in {C}d{Z}n{T}e Substrates on {MBE} {H}g{C}d{T}e Deposition},
  author    = {J. D. Benson and L. O. Bubulac, P. J. Smith and R. N. Jacobs and J. K. Markunas and M. Jaime-Vasquez and L. A. Almeida and A. Stoltz and P. S. Wijewarnasuriya and G. Brill and Y. Chen and J. Peterson and M. Reddy and M. F. Vilela and S. M. Johnson and D. D. Lofgreen and A. Yulius and G. Bostrup and M. Carmody and D. Lee and S. Couture},
  journal   = {Journal of Electronic Materials},
  volume    = {43},
  number    = {11},
  pages     = {3993--3998},
  year      = {2014},
  publisher = {Springer}
}
% Utskrift.
@article{benson2015as-received,
  title     = {As-Received {C}d{Z}n{T}e Substrate Contamination},
  author    = {J. D. Benson and L. O. Bubulac and M. Jaime-Vasquez and C. M. Lennon and P. J. Smith and R. N. Jacobs and J. K. Markunas  and L. A. Almeida and A. Stoltz and J. M. Arias and P. S. Wijewarnasuriya and J. Peterson and M. Reddy and M. F. Vilela and S. M. Johnson and D. D. Lofgreen and A. Yulius and M. Carmody and R. Hirsch and J. Fiala and S. Motakef},
  journal   = {Journal of Electronic Materials},
  volume    = {44},
  number    = {9},
  pages     = {3082--3091},
  year      = {2015},
  publisher = {Springer}
}
% Utskrift.
@article{benson2016analysis,
  title     = {Analysis of Etched {C}d{Z}n{T}e Substrates},
  author    = {J. D. Benson and L. O. Bubulac and M. Jaime-Vasquez and C. M. Lennon and J. M. Arias and P. J. Smith and R. N. Jacobs and J. K. Markunas  and L. A. Almeida and A. Stoltz and P. S. Wijewarnasuriya and J. Peterson and M. Reddy and K. Jones and S. M. Johnson and D. D. Lofgreen},
  journal   = {Journal of Electronic Materials},
  pages     = {1--9},
  year      = {2016},
  publisher = {Springer}
}
% Randi har den og den er p책 Realfagsbiblioteket (b책de til utl책n og fast).
@book{goldstein2012scanning,
  title     = {Scanning electron microscopy and X-ray microanalysis: a text for biologists, materials scientists, and geologists},
  author    = {Goldstein, Joseph and Newbury, Dale E. and Echlin, Patrick and Joy, David C. and Romig Jr., Alton D. and Lyman, Charles E. and Fiori, Charles and Lifshin, Eric},
  year      = {2012},
  publisher = {Springer Science \& Business Media}
}
%
% Masteroppgave: UiO physics department 2004, growth and characterization of Cd hg te nanowires sanja hadzialic
%
@article{rayleigh1879investigations,
  title     = {Investigations in Optics, with special reference to the spectroscope},
  author    = {Lord Rayleigh},
  journal   = {Philosophical Magazine and Journal of Science Series 5},
  volume    = {8},
  number    = {49},
  pages     = {261--274, 403--411, 477-486},
  year      = {1879},
  publisher = {Taylor & Francis}
}
@article{rayleigh1880investigations,
  title     = {Investigations in Optics, with special reference to the spectroscope},
  author    = {Lord Rayleigh},
  journal   = {Philosophical Magazine and Journal of Science Series 5},
  volume    = {9},
  pages     = {40--55},
  year      = {1880},
  publisher = {Taylor & Francis}
}

@book{triboulet2009cdteI,
  title={CdTe and Related Compounds; Physics, Defects, Hetero-and Nano-structures, Crystal Growth, Surfaces and Applications, Part I: Physics, CdTe-based Nanostructures, CdTe-based Semimagnetic Semiconductors, Defects},
  author={Triboulet, Robert and Siffert, Paul},
  year={2009},
  publisher={Elsevier}
}
@book{triboulet2009cdteII,
  title={CdTe and Related Compounds; Physics, Defects, Hetero-and Nano-structures, Crystal Growth, Surfaces and Applications, Part II: Crystal Growth, Surfaces and Applications},
  author={Triboulet, Robert and Siffert, Paul},
  year={2009},
  publisher={Elsevier}
}

@book{dhar2013advances,
  title={Advances in Infrared Detector Array Technology},
  author={Dhar, Nibir K and Dat, Ravi and Sood, Ashok K},
  year={2013},
  publisher={INTECH Open Access Publisher}
}

@book{allen2001review,
  title={A Review of Particle Agglomeration},
  author={Elizabeth Allen and Paul Smith and Jim Henshaw},
  year={2001},
  publisher={US Department of Energy}
}

@article{moulder2000handbook,
  title={Handbook of X-ray photoelectron spectroscopy: a reference book of standard spectra for identification and interpretation of {XPS} data},
  journal = {Physical Electronics},
  author={Moulder, John F and Stickle, William F and Sobol, Peter E and Bomben, Kenneth D},
  year={1995}
}

@book{briggs1990practical,
  title={Practical Surface Analysis: Auger and X-ray Photoelectron Spectroscopy},
  author={Briggs, David and Seah, Martin P},
  volume={1},
  year={1990},
  publisher={John Wiley \& Sons}
}

@article{hirsch1999x-ray,
  title={X-ray Photoelectron Spectroscopy Study of Oxide and {T}e overlayers on As-Grown and Etched {H}g{C}d{T}e},
  journal = {Journal of electronic materials},
  volume = {28},
  number = {6},
  pages={810--816},
  author ={Hirsch, LS and Haakenaasen, R and Colin, T and Ziemer, KS and Stinespring, CD and Lovold, S and Myers, TH},
  year={1999},
  publisher={Springer}
}

@book{naval2013electronic,
  title={Electronic warfare and radar systems: Engineering handbook},
  author={{Naval Air Warfare Center}},
  year={2013},
  publisher={Naval Air Warfare Center}
}

@article{tanuma1991calculations,
  title={Calculations of electron inelastic mean free paths. II. Data for 27 elements over the 50--2000 eV range},
  author={Tanuma, Shigeo and Powell, Cedric J and Penn, David R},
  journal={Surface and Interface Analysis},
  volume={17},
  number={13},
  pages={911--926},
  year={1991},
  publisher={Wiley Online Library}
}

@book{luth2010solid,
  title={Solid surfaces, interfaces and thin films},
  author={L체th, H},
  publisher={Springer},
  edition={5},
  year={2010}
}

@article{reddy2014study,
  title={Study of Morphological Defects on Dual-Band {HgCdTe} on {CdZnTe}},
  author={Reddy, M and Radford, WA and Lofgreen, DD and Olsson, KR and Peterson, JM and Johnson, SM},
  journal={Journal of Electronic Materials},
  volume={43},
  number={8},
  pages={2991--2997},
  year={2014},
  publisher={Springer}
}

@article{selvig2007defects,
  title={Defects in {HgTe} grown by molecular beam epitaxy on (211){B}-oriented {CdZnTe} substrates},
  author={Selvig, E and Tonheim, C.R. and Kongshaug, K.O. and Skauli, T and Lorentzen, T and Haakenaasen, R},
  journal={Journal of Vacuum Science \& Technology B},
  volume={25},
  number={6},
  pages={1776--1784},
  year={2007},
  publisher={AVS: Science \& Technology of Materials, Interfaces, and Processing}
}
@article{selvig2008defects-a,
  title={Defects in {CdHgTe} grown by molecular beam epitaxy on (211){B}-oriented {CdZnTe} substrates},
  author={Selvig, E and Tonheim, C.R. and Kongshaug, K.O. and Skauli, T and Hemmen, H and Lorentzen, T and Haakenaasen, R},
  journal={Journal of Vacuum Science \& Technology B},
  volume={26},
  number={2},
  pages={525--533},
  year={2008},
  publisher={AVS: Science \& Technology of Materials, Interfaces, and Processing}
}
@article{selvig2008defects-b,
  title={Defects in {HgTe} and {CdHgTe} grown by molecular beam epitaxy},
  author={Selvig, E and Tonheim, CR and Lorentzen, T and Kongshaug, KO and Skauli, T and Haakenaasen, R},
  journal={Journal of Electronic Materials},
  volume={37},
  number={9},
  pages={1444--1452},
  year={2008},
  publisher={Springer}
}
@book{bhushan1998handbook,
  title={Handbook of micro/nano tribology},
  author={Bhushan, Bharat},
  year={1998},
  publisher={CRC press}
}

@article{li2006thermal,
  title={Thermal treatment of detector-grade \ce{CdZnTe}},
  author={Li, Guoqiang and Zhang, Xiaolu and Jie, Wanqi and Hui, Chun},
  journal={Journal of crystal growth},
  volume={295},
  number={1},
  pages={31--35},
  year={2006},
  publisher={Elsevier}
}

@book{liboff2003introductory,
  title={Introductory quantum mechanics},
  author={Liboff, Richard L},
  year={2003},
  publisher={Addison-Wesley}
}

@article{benson1996situ,
  title={In-situ spectroscopic ellipsometry of {H}g{C}d{T}e},
  author={Benson, J.D. and Cornfeld, A.B. and Martinka, M. and Singley, K.M. and Derzko, Z. and Shorten, P.J. and Dinan, J.H. and Boyd, P.R. and Wolfgram, F.C. and Johs, B. and others},
  journal={Journal of Electronic Materials},
  volume={25},
  number={8},
  pages={1406--1410},
  year={1996},
  publisher={Springer}
}

@book{smith2013industrial,
  title={Industrial metrology: surfaces and roundness},
  author={Smith, Graham T},
  year={2013},
  publisher={Springer Science \& Business Media}
}

@inproceedings{lee2000nanotopography,
  title={Nanotopography effects on chemical mechanical polishing for shallow trench isolation},
  author={Lee, Brian and Gan, Terence and Boning, Duane and Hester, Pat and Poduje, Noel and Baylies, Winthrop},
  booktitle={Advanced Semiconductor Manufacturing Conference and Workshop, 2000 IEEE/SEMI},
  pages={425--432},
  year={2000},
  organization={IEEE}
}

@article{zha2005atomic,
  title={Atomic and electronic structures of \ce{Cd_{0. 96}Zn_{0. 04}Te} (110) surface},
  author={Gang-Qiang Zha and Wan-Qi Jie and Wen-Hua Zhang and Qiang Li and Fa-Qiang Xu},
  journal={Chinese Physics Letters},
  volume={22},
  number={9},
  pages={2357},
  year={2005},
  publisher={IOP Publishing}
}

@article{sivananthan1986relation,
  title={Relation between crystallographic orientation and the condensation coefficients of {H}g, {C}d, and {T}e during molecular-beam-epitaxial growth of \ce{Hg_{1-x}Cd_{x}Te} and \ce{CdTe}},
  author={Sivananthan, S and Chu, X and Reno, J and Faurie, JP},
  journal={Journal of applied physics},
  volume={60},
  number={4},
  pages={1359--1363},
  year={1986},
  publisher={AIP}
}

@book{birdi2003scanning,
  title={Scanning probe microscopes: applications in science and technology},
  author={Birdi, KS},
  year={2003},
  publisher={CRC press}
}

@article{bretzlaff1986apodization,
  title={Apodization effects in {F}ourier transform infrared difference spectra},
  author={Bretzlaff, RS and Bahder, TB},
  journal={Revue de physique appliqu{\'e}e},
  volume={21},
  number={12},
  pages={833--844},
  year={1986},
  publisher={Soci{\'e}t{\'e} fran{\c{c}}aise de physique}
}

@book{smith2011fourier,
  title={Fundamentals of {F}ourier transform infrared spectroscopy},
  author={Smith, Brian C.},
  edition={2nd},
  publisher={CRC press},
  year={2011}
}

@article{egan2009scanning,
  title={A Scanning Probe Microscopy Study of \ce{Cd_{1-x}Zn_xTe}},
  author={Egan, CK and Dabrowski, P and Klusek, Z and Brinkman, AW},
  journal={Journal of electronic materials},
  volume={38},
  number={8},
  pages={1528--1532},
  year={2009},
  publisher={Springer}
}

@book{eaton2010atomic,
  title={Atomic force microscopy},
  author={Eaton, Peter and West, Paul},
  year={2010},
  publisher={Oxford University Press}
}

@incollection{thomas1999amplitude,
  author      = {Thomas, Tom R.},
  title       = {Amplitude Parameters},
  booktitle   = {Rough Surfaces},
  publisher   = {Imperial College Press},
  address     = {London},
  year        = {1999},
  pages       = {133--150}
}

@manual{quantax2008microanalysis,
  author    = {{Bruker}},
  title     = {Quantax Microanalysis system based on energy-dispersive spectrometry. User manual},
  organization= {{Bruker-AXS Microanalysis GmbH}},
  address   = {Berlin, Germany}, 
  month = {april},
  year = {2008}
}

@article{yujie2004infrared,
  title={Infrared transmission spectra of \ce{Cd_{1-x}Zn_{x}Te} (x = 0.04) crystals},
  author={Yujie, Li and Zhi, Gu and Guoqiang, Li and Wangqi, Jie},
  journal={Journal of electronic materials},
  volume={33},
  number={8},
  pages={861--866},
  year={2004},
  publisher={Springer}
}

@article{yadava1994precipitation,
  title={Precipitation in \ce{CdTe} crystals studied through {Mie} scattering},
  author={Yadava, RDS and Sundersheshu, BS and Anandan, M and Bagai, RK and Borle, WN},
  journal={Journal of electronic materials},
  volume={23},
  number={12},
  pages={1349--1357},
  year={1994},
  publisher={Springer}
}

@article{hansen1982energy,
  title={Energy gap versus alloy composition and temperature in \ce{Hg_{1-x}Cd_xTe}},
  author={Hansen, G L and Schmit, J L and Casselman, T N},
  journal={Journal of Applied Physics},
  volume={53},
  number={10},
  pages={7099--7101},
  year={1982},
  publisher={AIP}
}

@manual{psia2002xe100,
  author    = {{PSIA}},
  title     = {XE-100 High Accuracy Small Sample SPM. User's Manual},
  organization= {{PSIA Corporation}},
  address   = {Sungnam, Korea}, 
  year = {2002}
}

@article{nicolet2001introduction,
  title={Introduction to {F}ourier transform infrared spectrometry},
  author={Nicolet, Thermo},
  journal={Thermo Nicolet Corporation},
  year={2001}
}

@phdthesis{de1924recherches,
  title={Recherches sur la th{\'e}orie des quanta},
  author={{de Broglie}, Louis},
  year={1924},
  school={Migration-universit{\'e} en cours d'affectation}
}

@book{brandon2013microstructural,
  title={Microstructural characterization of materials},
  author={Brandon, David and Kaplan, Wayne D},
  year={2013},
  publisher={John Wiley \& Sons}
}

@article{edwall1984liquid,
  title={Liquid phase epitaxial growth of large area \ce{Hg_{1-x}Cd_xTe} epitaxial layers},
  author={Edwall, DD and Gertner, ER and Tennant, WE},
  journal={Journal of applied physics},
  volume={55},
  number={6},
  pages={1453--1460},
  year={1984},
  publisher={AIP}
}

@article{parker1988terracing,
  title={Terracing in \ce{HgCdTe} {LPE} films grown from \ce{Te} solution},
  author={Parker, SG and Weirauch, DF and Chandra, D},
  journal={Journal of Crystal Growth},
  volume={86},
  number={1-4},
  pages={173--182},
  year={1988},
  publisher={Elsevier}
}

@article{ashida2015crystallographic,
  title={Crystallographic orientation dependence of {SEM} contrast revealed by \ce{SiC} polytypes},
  author={Ashida, Koji and Kajino, Tomonori and Kutsuma, Yasunori and Ohtani, Noboru and Kaneko, Tadaaki},
  journal={Journal of Vacuum Science \& Technology B, Nanotechnology and Microelectronics: Materials, Processing, Measurement, and Phenomena},
  volume={33},
  number={4},
  pages={04E104},
  year={2015},
  publisher={AVS}
}

@article{sealy2000mechanism,
  title={Mechanism for secondary electron dopant contrast in the {SEM}},
  author={Sealy, Cordelia P and Castell, Martin R and Wilshaw, Peter R},
  journal={Journal of electron microscopy},
  volume={49},
  number={2},
  pages={311--321},
  year={2000},
  publisher={Jpn Soc Microscopy}
}